@misc{wiki:Plagiarism,
    author = "Wikipedia",
    title = "{Plagiarism} --- {W}ikipedia{,} The Free Encyclopedia",
    year = "2024",
    howpublished = {\url{http://en.wikipedia.org/w/index.php?title=Plagiarism&oldid=1261734616}},
    note = "[Online; accessed 12-December-2024]"
}